<collection xmlns="http://www.loc.gov/MARC21/slim">
<record>
  <leader>02198nam0a2200349 i 450 </leader>
  <controlfield tag="001">IT\ICCU\CNCE\025660</controlfield>
  <controlfield tag="005">20120220000000.0</controlfield>
  <datafield tag="012" ind1=" " ind2=" ">
    <subfield code="a">lit- o-no ele, glmo (3) 1525 (R)</subfield>
    <subfield code="2">fei</subfield>
    <subfield code="9">A</subfield>
  </datafield>
  <datafield tag="012" ind1=" " ind2=" ">
    <subfield code="a">lit- o-no enan opsi (7) 1525 (R)</subfield>
    <subfield code="2">fei</subfield>
    <subfield code="9">B</subfield>
  </datafield>
  <datafield tag="100" ind1=" " ind2=" ">
    <subfield code="a">19970929d1525        0itac0103    ba</subfield>
  </datafield>
  <datafield tag="101" ind1=" " ind2=" ">
    <subfield code="a">ITA</subfield>
  </datafield>
  <datafield tag="102" ind1=" " ind2=" ">
    <subfield code="a">IT</subfield>
  </datafield>
  <datafield tag="200" ind1="1" ind2=" ">
    <subfield code="a">Celestina. Tragicomedia de Calisto et Melibea nouamente tradotta de lingua Castigliana in Italiano idioma. Aggiontoui di nuouo tutto quello che fin al giorno presente li manchaua. Dapoi ogni altra impressione nouissimamente corretta, distinta, ordinata, et in pi ̮commoda forma redotta, adornata lequal cose nelle altre impressione non si trova</subfield>
  </datafield>
  <datafield tag="210" ind1=" " ind2=" ">
    <subfield code="a">\Venezia</subfield>
    <subfield code="c">Francesco Garrone!</subfield>
    <subfield code="e">Stampata in Vinegia</subfield>
    <subfield code="g">per Francesco Caron</subfield>
    <subfield code="h">1525. Nel mese di noumbre</subfield>
  </datafield>
  <datafield tag="215" ind1=" " ind2=" ">
    <subfield code="a">CXIX, \1! c.</subfield>
    <subfield code="d">8ʻ</subfield>
  </datafield>
  <datafield tag="300" ind1=" " ind2=" ">
    <subfield code="a">Per l&apos;autore cfr.: Palau y Dulcet, Antonio : Manual del librero hispano-americano. v.3, p. 368.Var. A: cartulazione in numeri romani solo nei fasc. B8, H-I8, N8. Var.B: cartulazione solo in numeri romani</subfield>
  </datafield>
  <datafield tag="620" ind1=" " ind2=" ">
    <subfield code="a">IT</subfield>
    <subfield code="d">Venezia</subfield>
  </datafield>
  <datafield tag="700" ind1=" " ind2="1">
    <subfield code="a">Rojas,</subfield>
    <subfield code="b">Fernando : de</subfield>
    <subfield code="3">IT\ICCU\CNCA\007492</subfield>
  </datafield>
  <datafield tag="712" ind1="0" ind2="0">
    <subfield code="a">Garrone, Francesco</subfield>
    <subfield code="3">IT\ICCU\CNCT\000427</subfield>
    <subfield code="4">650</subfield>
  </datafield>
  <datafield tag="791" ind1="0" ind2="0">
    <subfield code="a">Caron, Francesco</subfield>
    <subfield code="3">IT\ICCU\CNCT\003830</subfield>
    <subfield code="z">Garrone, Francesco</subfield>
  </datafield>
  <datafield tag="791" ind1="0" ind2="0">
    <subfield code="a">Garonus, Franciscus</subfield>
    <subfield code="3">IT\ICCU\CNCT\003831</subfield>
    <subfield code="z">Garrone, Francesco</subfield>
  </datafield>
  <datafield tag="791" ind1="0" ind2="0">
    <subfield code="a">Garone, Francesco</subfield>
    <subfield code="3">IT\ICCU\CNCT\004840</subfield>
    <subfield code="z">Garrone, Francesco</subfield>
  </datafield>
  <datafield tag="801" ind1=" " ind2="3">
    <subfield code="a">IT</subfield>
    <subfield code="b">ICCU</subfield>
    <subfield code="c">20201114</subfield>
  </datafield>
  <datafield tag="899" ind1=" " ind2=" ">
    <subfield code="a">Biblioteca civica A. Mai. Bergamo</subfield>
    <subfield code="z">(VAR.B)</subfield>
    <subfield code="1">BG0026</subfield>
    <subfield code="2">LO1 02</subfield>
  </datafield>
  <datafield tag="899" ind1=" " ind2=" ">
    <subfield code="a">Biblioteca nazionale centrale. Firenze</subfield>
    <subfield code="z">(VAR.B) - MUTILO</subfield>
    <subfield code="1">FI0098</subfield>
    <subfield code="2">CFI CF</subfield>
  </datafield>
  <datafield tag="899" ind1=" " ind2=" ">
    <subfield code="a">Biblioteca Estense Universitaria. Modena</subfield>
    <subfield code="z">(VAR.B)</subfield>
    <subfield code="1">MO0089</subfield>
    <subfield code="2">MOD BE</subfield>
  </datafield>
  <datafield tag="899" ind1=" " ind2=" ">
    <subfield code="a">Biblioteca universitaria. Napoli</subfield>
    <subfield code="z">(VAR.B)</subfield>
    <subfield code="1">NA0070</subfield>
    <subfield code="2">NAP BU</subfield>
  </datafield>
  <datafield tag="899" ind1=" " ind2=" ">
    <subfield code="a">Biblioteca civica. Padova</subfield>
    <subfield code="1">PD0090</subfield>
    <subfield code="2">PUV 55</subfield>
  </datafield>
  <datafield tag="899" ind1=" " ind2=" ">
    <subfield code="a">Biblioteca Storica di Ateneo &quot;Arturo Graf&quot;. Torino</subfield>
    <subfield code="z">(VAR.A)</subfield>
    <subfield code="1">TO0529</subfield>
    <subfield code="2">UTO 23</subfield>
  </datafield>
  <datafield tag="899" ind1=" " ind2=" ">
    <subfield code="a">Biblioteca del Seminario vescovile. Verona</subfield>
    <subfield code="1">VR0061</subfield>
    <subfield code="2">PBE 83</subfield>
  </datafield>
  <datafield tag="911" ind1=" " ind2=" ">
    <subfield code="a">Sul front.</subfield>
    <subfield code="9">IT\ICCU\CNCM\002457</subfield>
  </datafield>
  <datafield tag="921" ind1=" " ind2=" ">
    <subfield code="a">IT\ICCU\CNCM\002457</subfield>
    <subfield code="b">Candelabro con iniziali F.G.L., sormontato da aquila bicipite, tra due liocorni.</subfield>
    <subfield code="e">Sempre viva</subfield>
    <subfield code="c">U985</subfield>
    <subfield code="f">CANDELABRO</subfield>
    <subfield code="f">LIOCORNO</subfield>
    <subfield code="f">FGL</subfield>
    <subfield code="g">1525-1536</subfield>
  </datafield>
</record>
</collection>
